<record><leader>00000cas a22000007a 4500</leader><controlfield tag="001">14634646</controlfield><controlfield tag="008">861104c19uu9999txuwr ne      0    0eng d</controlfield><datafield ind1=" " ind2=" " tag="010"><subfield code="a">sn 86089972 </subfield></datafield><datafield ind1=" " ind2=" " tag="040"><subfield code="a">PPM</subfield><subfield code="b">eng</subfield><subfield code="c">PPM</subfield><subfield code="d">OCLCQ</subfield></datafield><datafield ind1=" " ind2=" " tag="042"><subfield code="a">msc</subfield></datafield><datafield ind1="0" ind2="4" tag="245"><subfield code="a">The Nixon news.</subfield></datafield><datafield ind1=" " ind2=" " tag="260"><subfield code="a">Nixon, Tex. :</subfield><subfield code="b">Osceola G. Wilson</subfield></datafield><datafield ind1=" " ind2=" " tag="300"><subfield code="a">v. :</subfield><subfield code="b">ill. (chiefly advertisements)</subfield></datafield><datafield ind1=" " ind2=" " tag="310"><subfield code="a">Weekly</subfield></datafield><datafield ind1=" " ind2=" " tag="500"><subfield code="a">Continues numbering of: Nixon weekly news.</subfield></datafield><datafield ind1=" " ind2=" " tag="588"><subfield code="a">Description based on: Vol. 7, no. 8 (May 16, 1913).</subfield></datafield><datafield ind1=" " ind2=" " tag="752"><subfield code="a">United States</subfield><subfield code="b">Texas</subfield><subfield code="c">Gonzales</subfield><subfield code="d">Nixon.</subfield></datafield><datafield ind1="0" ind2="0" tag="780"><subfield code="t">Nixon weekly news</subfield><subfield code="w">(DLC)sn 86089971</subfield></datafield></record>